<record><leader>00000cas a22000007a 4500</leader><controlfield tag="001">14948390</controlfield><controlfield tag="008">861210d18491854pauwr ne      0    0eng d</controlfield><datafield ind1=" " ind2=" " tag="010"><subfield code="a">sn 86053998 </subfield></datafield><datafield ind1=" " ind2=" " tag="040"><subfield code="a">NPX</subfield><subfield code="b">eng</subfield><subfield code="c">NPX</subfield><subfield code="d">NPH</subfield><subfield code="d">OCLCQ</subfield><subfield code="d">CUS</subfield><subfield code="d">OCLCF</subfield></datafield><datafield ind1="1" ind2=" " tag="029"><subfield code="a">AU@</subfield><subfield code="b">000025798825</subfield></datafield><datafield ind1=" " ind2=" " tag="042"><subfield code="a">msc</subfield></datafield><datafield ind1=" " ind2=" " tag="043"><subfield code="a">n-us-pa</subfield></datafield><datafield ind1=" " ind2="4" tag="050"><subfield code="a">AN</subfield></datafield><datafield ind1="0" ind2=" " tag="130"><subfield code="a">Wyoming Democrat (Tunkhannock, Pa. : 1849)</subfield></datafield><datafield ind1="1" ind2="4" tag="245"><subfield code="a">The Wyoming Democrat.</subfield></datafield><datafield ind1=" " ind2=" " tag="260"><subfield code="a">Tunkhannock [Pa.] :</subfield><subfield code="b">S.S. Winchester,</subfield><subfield code="c">1849-</subfield></datafield><datafield ind1=" " ind2=" " tag="300"><subfield code="a">volumes</subfield></datafield><datafield ind1=" " ind2=" " tag="310"><subfield code="a">Weekly</subfield></datafield><datafield ind1=" " ind2=" " tag="336"><subfield code="a">text</subfield><subfield code="b">txt</subfield><subfield code="2">rdacontent</subfield></datafield><datafield ind1=" " ind2=" " tag="337"><subfield code="a">unmediated</subfield><subfield code="b">n</subfield><subfield code="2">rdamedia</subfield></datafield><datafield ind1=" " ind2=" " tag="338"><subfield code="a">volume</subfield><subfield code="b">nc</subfield><subfield code="2">rdacarrier</subfield></datafield><datafield ind1="0" ind2=" " tag="362"><subfield code="a">Vol. 1, no. 16 [i.e. 18] (July 31, 1849)-</subfield></datafield><datafield ind1="1" ind2=" " tag="362"><subfield code="a">Ceased in 1854?</subfield><subfield code="z">Cf. Rossell, G. Pa. newspapers.</subfield></datafield><datafield ind1=" " ind2=" " tag="500"><subfield code="a">"Democratic."</subfield></datafield><datafield ind1=" " ind2=" " tag="500"><subfield code="a">Publishers: S.S. Winchester, 1849-Nov. 29, 1853; A.R. Conklin, Dec. 13, 1853-&lt;May 30, 1854&gt;; A.H. Rightmyer, &lt;July 13-Aug. 24, 1854&gt;.</subfield></datafield><datafield ind1=" " ind2=" " tag="500"><subfield code="a">Editor: S.S. Winchester, 1849-Nov. 29, 1853.</subfield></datafield><datafield ind1=" " ind2=" " tag="515"><subfield code="a">Issues for May 18, 1852-May 30, 1854 also called whole no. 212-260.</subfield></datafield><datafield ind1=" " ind2=" " tag="515"><subfield code="a">Not published Dec. 6, 1852.</subfield></datafield><datafield ind1=" " ind2="0" tag="651"><subfield code="a">Tunkhannock (Pa.)</subfield><subfield code="v">Newspapers.</subfield></datafield><datafield ind1=" " ind2="7" tag="655"><subfield code="a">Newspapers.</subfield><subfield code="2">fast</subfield><subfield code="0">(OCoLC)fst01423814</subfield></datafield><datafield ind1=" " ind2="7" tag="651"><subfield code="a">Pennsylvania</subfield><subfield code="z">Tunkhannock.</subfield><subfield code="2">fast</subfield><subfield code="0">(OCoLC)fst01229004</subfield></datafield><datafield ind1=" " ind2=" " tag="752"><subfield code="a">United States</subfield><subfield code="b">Pennsylvania</subfield><subfield code="c">Wyoming</subfield><subfield code="d">Tunkhannock.</subfield></datafield><datafield ind1="0" ind2="0" tag="780"><subfield code="t">Wyoming County democrat (Tunkhannock, Pa.)</subfield><subfield code="w">(DLC)sn 87080118</subfield><subfield code="w">(OCoLC)15465710</subfield></datafield></record>